
@BOOK{Bringhurst2005,
	author = {Robert Bringhurst},
	title = {The Elements of Typography},
	publisher = {Hartley \& Marks},
	year = {2005},
	edition = {3.1},
	isbn = {0-88179-205-5}
}

@BOOK{Mittelbach2004,
	author = {Frank Mittelbach and Michel Goossens},
	title = {The \LaTeX\ Companion},
	publisher = {Addison--Wesley},
	year = {2004},
	edition = {Second},
	isbn = {0-201-36299-6}
}

@book{Wolber2011,
  title={App Inventor},
  author={Wolber, David and Abelson, Hal and Spertus, Ellen and Looney, Liz},
  year={2011},
  publisher={O'Reilly Media}
}

@BOOK{KamrianiAndRoy2016,
	author = {Kamriani, Felicia and Roy, Krishnendu},
	title = {App Inventor~2 Essentials},
	publisher = {Packt},
	year = {2016},
} 
% {Kamriani F. and Roy K.}
% |страниц = 246
% isbn = {978-1785281105}


@misc{WDNationalFlags,
  author = {Викиданные},
  title = {Список государственных флагов},
  year = {2018},
  howpublished = {\url{http://bit.ly/2OgIdWo}}
}
