@BOOK{Savova,
author = "Savova, G.",
title = "Resolving ambiguities in biomedical text with unsupervised clustering approaches",
publisher = "University of Minnesota Supercomputing Institute Research Report",
year = 2005,
language = "english"
}
 
@BOOK{Averin,
author = "Аверин, А.Н.",
title = "Разработка сервиса поиска биграмм // Труды международной конференции «Корпусная лингвистика–2006». ",
address = "СПб",
publisher = "С.Петерб. ун-та",
year = 2006,
language = "russian"
}

@BOOK{Pedersen,
author = "Pedersen, T. and Bruce, R.",
title = "Distinguishing word senses in untagged text",
publisher = "Proc.EMNLP.Providence, RI",
year = 1997,
language = "english"
}

@BOOK{Schutze,
author = "Schutze, H.",
title = "Automatic Word Sense Discrimination.",
publisher = "Computational Linguistics, vol. 24, number 1.",
year = 1998,
language = "english"
}

@BOOK{Weeber,
author = "Weeber, M. and Mork, J. and Aronson, A.",
title = "Developing a test collection for biomedical word sense disambiguation.",
publisher = "Proc. AMIA.",
year = 2001,
language = "english"
}
 
@MISC{epr:website,
      AUTHOR = "Епрев, А. С.",
      TITLE = "Применение контекстных векторов в классификации текстовых документов",
      YEAR = 2010,
      NOTE = "\url{http://jre.cplire.ru/iso/oct10/1/text.html}"
}
@MISC{UMLS:website,
      TITLE = "UMLS Terminology Services (UTS) ",
      NOTE = "\url{http://umlsks.nlm.nih.gov/kss/servlet/Turbine/template}"
}

@MISC{SC:website,
      TITLE = "SenseClusters",
      NOTE = "\url{http://senseclusters.sourceforge.net}"
}

